@book{adams1995hitchhiker,
  title={The Hitchhiker's Guide to the Galaxy},
  author={Adams, D.},
  isbn={9781417642595},
  url={http://books.google.com/books?id=W-xMPgAACAAJ},
  year={1995},
  publisher={San Val}
}


%% Gaussian Embedding
@bibitem{gaussian_embedding,
  title={Word representations via Gaussian embedding},
  author={Vilnis, L. and McCallum, A.},
  year={2015},
  publisher={ICLR}
}

%% Normalized Flows
@bibitem{normalising_flows,
  title={Density estimation by dual ascent of the log-likelihood},
  author={Tabak, E. and Vanden-Eijnden, E.},
  year={2010}
}

@bibitem{normalising_flows_classification_clustering,
  title={Clustering and classification through normalizing flows in feature space},
  author={Agnellit, J. and Cadeiras, M. and Tabak, E. and Turnert, C. and Vanden-Eijnden, E.},
  year={2010}
}

@bibitem{variational_inference_using_normalized_flows,
  title={Variational inference with normalizing flows},
  author={Rezende, D. and Mohamed, S.},
  year={2015}
}

@bibitem{density_matching,
  title={Density Matching for Bilingual Word Embedding},
  author={Zhou, C. and Ma, X. and Wang, D. and Neubig, G.},
  year={2019}
}

@bibitem{nvp,
  title={Density estimation using Real NVP},
  author={Dinh, L. and Sohl-Dickstein, J. and Bengio, S.},
  year={2017}
}

@bibitem{iaf,
  title={Improved variational inference with inverse autoregressive flow},
  author={Kingma, D. and Salimans, T. and Jozefowicz, R. and Chen, X. and Sutskever, I. and Welling, M.
  },
  year={2017}
}

%% Conditional Generation
@bibitem{microsoft_3way,
  title={M 3 D-GAN: Multi-Modal Multi-Domain Translation with Universal Attention},
  author={Ma, S. and Mcduff, D. and Song, Y.},
  year={2019}
}

@bibitem{syd_gan,
  title={Attention-GAN for Object Transfiguration in Wild Images},
  author={Chen, X. and Xu, C. and Yang, X. and Tao, D.},
  year={2018}
}

@bibitem{bair_gan,
  title={Unpaired Image-To-Image Translation Using Cycle-Consistent Adversarial Networks},
  author={Zhu, J. and Park, T. and Isola, P. and Efros, A.},
  year={2017}
}

@bibitem{unsupervised_phrasebased_translation,
  title={Phrase-Based &amp; Neural Unsupervised Machine Translation},
  author={Lample, G. and Ott, M. and Conneau, A. and Denoyer, L. and Ranzato, M.},
  year={2018}
}

@bibitem{conditional_image_to_image,
  title={Conditional Image-to-Image Translation},
  author={Lin, J. and Xia, Y. and Qin, T. and Chen, Z. and Liu, T.},
  year={2018}
}


%% Bilingual lexical induction
@bibitem{art_1,
  title={A robust self-learning method for fully unsupervised cross-lingual mappings of word embeddings},
  author={Artetxe, M and Labaka, G. and Agirre, E.},
  year={2018}
}
@bibitem{art_2,
  title={Bilingual Lexicon Induction through Unsupervised Machine Translation},
  author={.Artetxe, M. and Labaka, G. and Agirre, E.},
  year={2019}
}
@bibitem{muse,
  title={WORD TRANSLATION WITHOUT PARALLEL DATA},
  author={Conneau, A. and Lample, G. and Ranzato, A. and Denoyer, L. and JÃ©gou, H.},
  year={2018}
}

@bibitem{springer,
  booktitle={Joint Training for Neural Machine Translation},
  author={Cheng, Y.},
  year={2017},
  pages = {28}
}



%% NLP
@bibitem{wordvec,
  title={Efficient Estimation of Word Representations in Vector Space},
  author={Mikolov T. and Chen K. and Corrado, G. and Dean, J.},
  year={2013}
}

@inproceedings{pennington2014glove,
  author = {Jeffrey Pennington and Richard Socher and Christopher D. Manning},
  booktitle = {Empirical Methods in Natural Language Processing (EMNLP)},
  title = {GloVe: Global Vectors for Word Representation},
  year = {2014},
  pages = {1532--1543}
}


@bibitem{nmtrepresentation,
  title={Investigating Multilingual NMT Representations at Scale},
  author={Kudugunta, S. and Bapna, A. and Caswell, I. and Arivazhagan, N. and Firat, O.},
  year={2019}
}