%% This BibTeX bibliography file was created using BibDesk.
%% http://bibdesk.sourceforge.net/

@article{harris54,
  Author = {Zellig Harris},
  Title = {Distributional structure},
  Journal = {Word},
  Volume = {10},
  Year = {1954}}    

  
@ARTICLE{bengio03,
    author = {Yoshua Bengio and Réjean Ducharme and Pascal Vincent and Christian Jauvin},
    title = {A Neural Probabilistic Language Model},
    journal = {Journal of Machine Learning Research},
    year = {2003},
    volume = {3},
    pages = {1137--1155}
} 

@article{mikolov13,
  author    = {Tomas Mikolov and
               Kai Chen and
               Greg Corrado and
               Jeffrey Dean},
  title     = {Efficient Estimation of Word Representations in Vector Space},
  journal   = {CoRR},
  year      = {2013},
}

@article{mikolov13b,
  author    = {Tomas Mikolov and
               Ilya Sutskever and
               Kai Chen and
               Greg Corrado and
               Jeffrey Dean},
  title     = {Distributed Representations of Words and Phrases and their Compositionality},
  journal   = {CoRR},
  volume    = {abs/1310.4546},
  year      = {2013},
}

@article{vilnis14,
  author    = {Luke Vilnis and
               Andrew McCallum},
  title     = {Word Representations via Gaussian Embedding},
  journal   = {CoRR},
  volume    = {abs/1412.6623},
  year      = {2014},
}

@article{pennington14,
  author    = {Jeffrey Pennington and Richard Socher and Christopher Manning},
  title     = {GloVe: Global Vectors for Word Representation},
  journal   = {EMNLP},
  pages    = {1532–1543},
  year      = {2014},
}






@article{mitchell10,
author = {Jeff Mitchell and Mirella Lapata},
title = {Composition in Distributional Models of Semantics},
journal = {Cognitive Science},
volume = {34},
number = {8},
pages = {1388--1429},
year = {2010},
}

@inproceedings{baroni10,
 author = {Marco Baroni and Roberto Zamparelli},
 title = {Nouns Are Vectors, Adjectives Are Matrices: Representing Adjective-noun Constructions in Semantic Space},
 booktitle = {Proceedings of the 2010 Conference on Empirical Methods in Natural Language Processing},
 series = {EMNLP '10},
 year = {2010},
 pages = {1183--1193},
} 



@article{finkelstein02,
 author = {Lev Finkelstein and Evgeniy Gabrilovich and Yossi Matias and Ehud Rivlin and Zach Solan and Gadi Wolfman and Eytan Ruppin},
 title = {Placing Search in Context: The Concept Revisited},
 journal = {ACM Trans. Inf. Syst.},
 issue_date = {January 2002},
 volume = {20},
 number = {1},
 year = {2002},
} 

@article{hill14,
  author    = {Felix Hill and
               Roi Reichart and
               Anna Korhonen},
  title     = {SimLex-999: Evaluating Semantic Models with (Genuine) Similarity Estimation},
  journal   = {CoRR},
  volume    = {abs/1408.3456},
  year      = {2014},
}



@incollection{rumelhart88,
 author = {David E. Rumelhart and Geoffrey E. Hinton and Ronald J. Williams},
 chapter = {Learning Representations by Back-propagating Errors},
 title = {Neurocomputing: Foundations of Research},
 editor = {Anderson, James A. and Rosenfeld, Edward},
 year = {1988},
 isbn = {0-262-01097-6},
 pages = {696--699},
 numpages = {4},
} 	


@article{le14,
  author    = {Quoc V. Le and
               Tomas Mikolov},
  title     = {Distributed Representations of Sentences and Documents},
  journal   = {CoRR},
  year      = {2014},
}	

@MISC{yang13,
    author = {Yi Yang and Jacob Eisenstein},
    title = {A Log-Linear Model for Unsupervised Text Normalization},
    year = {2013}
}

@INPROCEEDINGS{morin05,
    author = {Frederic Morin and Yoshua Bengio},
    title = {Hierarchical probabilistic neural network language model},
    booktitle = {AISTATS?05},
    year = {2005},
    pages = {246--252},
}


@ARTICLE{huffman52, 
author={David A. Huffman}, 
journal={Proceedings of the IRE}, 
title={A Method for the Construction of Minimum-Redundancy Codes}, 
year={1952}, 
month={Sept}, 
volume={40}, 
number={9}, 
pages={1098-1101}, 
}
